<?xml version="1.0" encoding="UTF-8"?><collection xmlns="http://www.loc.gov/MARC21/slim"><record><leader>00580nam--2200169-i-4500</leader><controlfield tag="001">000036599</controlfield><controlfield tag="002">20161230</controlfield><controlfield tag="005">20161230201041</controlfield><controlfield tag="008">060222s1000------------r-----000-0-eng-d</controlfield><datafield ind1=" " ind2=" " tag="040"><subfield code="a">IFIN-HH</subfield></datafield><datafield ind1=" " ind2=" " tag="080"><subfield code="a">539.12</subfield></datafield><datafield ind1="1" ind2=" " tag="100"><subfield code="a">Plano, Richard J</subfield></datafield><datafield ind1="1" ind2="0" tag="245"><subfield code="a">Nonstrange baryon resonances (experiment)</subfield><subfield code="b">Raporteur`s review talk xvth international conference on high energy physics kiev, u.s.s.r., october, 1970</subfield><subfield code="c">Richard j. plano</subfield></datafield><datafield ind1=" " ind2=" " tag="260"><subfield code="a">New Brunswick, New Jersey</subfield><subfield code="b">The State University</subfield><subfield code="c">1970</subfield></datafield><datafield ind1=" " ind2=" " tag="300"><subfield code="a">43P.+ 35 FIG</subfield></datafield><datafield ind1=" " ind2=" " tag="852"><subfield code="a">33662</subfield><subfield code="c">539.12</subfield></datafield><datafield ind1=" " ind2=" " tag="CAT"><subfield code="a">Sys</subfield><subfield code="c">20111121</subfield><subfield code="h">124843</subfield></datafield></record></collection>